@online{geniolandia,
    author = "John Papiewski",
    title = "¿Qué es la jerarquía de almacenamiento?",
    url = "https://www.geniolandia.com/13132443/que-es-la-jerarquia-de-almacenamiento",
    addendum = "(accessed: 01.09.2016)",
    keywords = "RAM,memoria"
}
@online{tutorialspoint,
    title = {Ordenador - Memoria},
    author = {tutorialspoint},
    url = "https://www.tutorialspoint.com/es/computer_fundamentals/computer_memory.htm",
    keywords = {informatica,memoria},
}

@online{Augusto,
    author = "Augusto Salazar.",
    title = "¿Funcionamiento de la memoria de un computador?",
    url  = "https://classroom.google.com/c/MTQ0MDA0NjgzNzk4/a/MTQ0MTQxNTk0MTkw/details",
    addendum = "(accessed: 01.09.2016)",
}
@online{Jesús,
    author = "Jesús Martín Alloza",
    title = "Montaje de componentes y periféricos microinformáticos",
    url  = "https://books.google.es/books?id=77sPBAAAQBAJ&pg=PT39&dq=Se+denominan+componentes+electr%C3%B3nicos&hl=es&sa=X&ved=0ahUKEwjW5b6395DLAhXCvBQKHeofBI4Q6AEIJTAA#v=onepage&q&f=false",
    keywords = {electrónica, componentes},
}
@online{Edwin,
    author = "Edwin D. Reilly",
    title = "Milestones in Computer Science and Information Technology",
    url  = "https://books.google.com.co/books?id=JTYPKxug49IC&pg=PA14&redir_esc=y#v=onepage&q=memory&f=false",
    keywords = {informática, computación, tecnología},
}